@incollection{long2003fundamentals,
  title={Fundamentals of content-based image retrieval},
  author={Long, Fuhui and Zhang, Hongjiang and Feng, David Dagan},
  booktitle={Multimedia information retrieval and management},
  pages={1--26},
  year={2003},
  publisher={Springer}
}

@article{smeulders2000content,
  title={Content-based image retrieval at the end of the early years},
  author={Smeulders, Arnold WM and Worring, Marcel and Santini, Simone and Gupta, Amarnath and Jain, Ramesh},
  journal={IEEE Transactions on pattern analysis and machine intelligence},
  volume={22},
  number={12},
  pages={1349--1380},
  year={2000},
  publisher={IEEE}
}

@article{hindawi2019,
title = {Content-Based Image Retrieval and Feature Extraction: A
Comprehensive Review},
author = {Afshan Latif, Aqsa Rasheed, Umer Sajid, Jameel Ahmed, Nouman Ali, Naeem Iqbal Ratyal,
Bushra Zafar, Saadat Hanif Dar, Muhammad Sajid, and Tehmina Khalil}, 
year = 2019}

@article{scienceDirect2011,
title = {Content-Based Image Retrieval Research }, 
author = {Guoyong Duana, Jing Yanga, Yilong Yang},
journal = {2011 International Conference on Physics Science and Technology (ICPST 2011) }, 
pages = {471--477}}

@misc{socialMedia,
author = {Dustin Stout},
title = {Social Media Statistics 2021: Top Networks By the Numbers},
year = {2021},
howpublished={\url{https://dustinstout.com/social-media-statistics/}}
}

@article{skeletonNet,
title = {Content-Based Image Retrieval Research }, 
author = {Guoyong Duana, Jing Yanga, Yilong Yang},
journal = {2011 International Conference on Physics Science and Technology (ICPST 2011) }, 
pages = {471--477}}

@article{edgeContinuity,
title = {New shape descriptor in the context of edge continuity},
author = {S. Susan, P. Agrawal, M. Mittal, and S. Bansal},
pages = {101-109},
volume = {4},
year = {2019}}